%% This BibTeX bibliography file was created using BibDesk.
%% http://bibdesk.sourceforge.net/


%% Created for Marco at 2009-11-25 21:06:27 -0600 


%% Saved with string encoding Unicode (UTF-8) 


@comment{jabref-meta: selector_publisher:q;}



@article{science,
	Author = {Stephen W. Pacala and Robert H. Socolow},
	Date-Added = {2009-11-25 21:06:26 -0600},
	Date-Modified = {2009-11-25 21:06:26 -0600},
	Journal = {Science},
	Month = {August},
	Title = {Stabilization Wedges: Solving the Climate Problem for the Next 50 Years with Current Technologies},
	Volume = {305},
	Year = {2004}}

@article{scientificAmerican,
	Author = {Stephen W. Pacala and Robert H. Socolow},
	Date-Added = {2009-11-25 21:06:26 -0600},
	Date-Modified = {2009-11-25 21:06:26 -0600},
	Journal = {Scientific American},
	Month = {September},
	Title = {A plan to keep carbon in check},
	Year = {2006}}
