%% This BibTeX bibliography file was created using BibDesk.
%% http://bibdesk.sourceforge.net/


%% Created for Marco 1414A at 2009-09-21 01:11:46 -0500 


%% Saved with string encoding Unicode (UTF-8) 


