This file was created with JabRef 1.6.
Encoding: ISO8859_1

@BOOK{marco02bud,
  title = {Bud Spencer e Terence Hill},
  publisher = {Gremese Editore},
  year = {2002},
  author = {Marco Bertolino and Ettore Ridola},
  owner = {matteo},
}

@comment{jabref-meta: selector_publisher:q;}

